@article{graves2014neural,
  title={Neural turing machines},
  author={Graves, Alex and Wayne, Greg and Danihelka, Ivo},
  journal={arXiv preprint arXiv:1410.5401},
  year={2014}
}

@article{graves2016hybrid,
  title={Hybrid computing using a neural network with dynamic external memory},
  author={Graves, Alex and Wayne, Greg and Reynolds, Malcolm and Harley, Tim and Danihelka, Ivo and Grabska-Barwi{\'n}ska, Agnieszka and Colmenarejo, Sergio G{\'o}mez and Grefenstette, Edward and Ramalho, Tiago and Agapiou, John and others},
  journal={Nature},
  volume={538},
  number={7626},
  pages={471--476},
  year={2016},
  publisher={Nature Publishing Group}
}
@article{rae2016scaling,
  title={Scaling memory-augmented neural networks with sparse reads and writes},
  author={Rae, Jack W and Hunt, Jonathan J and Harley, Tim and Danihelka, Ivo and Senior, Andrew and Wayne, Greg and Graves, Alex and Lillicrap, Timothy P},
  journal={arXiv preprint arXiv:1610.09027},
  year={2016}
}
